<zs:record>
      <zs:recordPacking>xml</zs:recordPacking>
      <zs:recordData>
        <record xmlns="http://www.loc.gov/MARC21/slim">
          <leader>00559nz a2200169 4500</leader>
          <controlfield tag="001">30002070</controlfield>
          <controlfield tag="003">RISM</controlfield>
          <controlfield tag="005">20121108</controlfield>
          <controlfield tag="008">121108n||az|||||||##########||||||||||||</controlfield>
          <datafield tag="043" ind1=" " ind2=" ">
            <subfield code="c">Poland</subfield>
          </datafield>
          <datafield tag="110" ind1="2" ind2=" ">
            <subfield code="a">Klasztor OO. Paulinów Jasna Góra - Biblioteka</subfield>
            <subfield code="c">Częstochowa</subfield>
            <subfield code="g">PL-CZ</subfield>
          </datafield>
          <datafield tag="410" ind1="2" ind2=" ">
            <subfield code="a">Archiwum OO. Paulinów na Jasnej Górze</subfield>
          </datafield>
          <datafield tag="591" ind1="2" ind2=" ">
            <subfield code="a">ongoing</subfield>
          </datafield>
          <datafield tag="622" ind1=" " ind2=" ">
            <subfield code="e">Klasztor OO. Paulinów Jasna Góra -, Biblioteka, ul. o. A. Kordeckiego 2, 42-200
              Częstochowa, Poland</subfield>
            <subfield code="u">http://www.jasnagora.pl</subfield>
          </datafield>
          <datafield tag="688" ind1="2" ind2=" ">
            <subfield code="a">N-Grove: CZp</subfield>
          </datafield>
          <datafield tag="670" ind1="2" ind2=" ">
            <subfield code="a">1190</subfield>
          </datafield>
          <datafield tag="852" ind1="2" ind2=" ">
            <subfield code="b">50.8173871, 19.1185308</subfield>
          </datafield>
          <idzebra xmlns="http://www.indexdata.dk/zebra/">
            <size>559</size>
            <score>680</score>
            <localnumber>829824</localnumber>
            <filename>sigla/sigla.mrc</filename>
          </idzebra>
        </record>
      </zs:recordData>
      <zs:recordPosition>10</zs:recordPosition>
    </zs:record>