<zs:record>
      <zs:recordPacking>xml</zs:recordPacking>
      <zs:recordData>
        <record xmlns="http://www.loc.gov/MARC21/slim">
          <leader>00555nz a2200145 4500</leader>
          <controlfield tag="001">30006280</controlfield>
          <controlfield tag="003">RISM</controlfield>
          <controlfield tag="005">20121108</controlfield>
          <controlfield tag="008">121108n||az|||||||##########||||||||||||</controlfield>
          <datafield tag="043" ind1=" " ind2=" ">
            <subfield code="c">Poland</subfield>
          </datafield>
          <datafield tag="110" ind1="2" ind2=" ">
            <subfield code="a">Biblioteka Zgromadzenia Zakonnego OO. Salezjanów</subfield>
            <subfield code="c">Czerwińsk</subfield>
            <subfield code="g">PL-CZERs</subfield>
          </datafield>
          <datafield tag="410" ind1="2" ind2=" ">
            <subfield code="a">Music collection of the Salesian Convent Library</subfield>
          </datafield>
          <datafield tag="580" ind1=" " ind2=" ">
            <subfield code="x">PL-Wits</subfield>
            <subfield code="0">30006448</subfield>
          </datafield>
          <datafield tag="622" ind1=" " ind2=" ">
            <subfield code="e">Biblioteka Zgromadzenia Zakonnego OO., Salezjanów, ul. Klasztorna 23, 09-150 Czerwińsk,
              Poland</subfield>
            <subfield code="u">http://www.czerwinsk.salezjanie.pl</subfield>
          </datafield>
          <datafield tag="680" ind1="2" ind2=" ">
            <subfield code="i">Partly on deposit at PL-Wits since 1973.</subfield>
          </datafield>
          <idzebra xmlns="http://www.indexdata.dk/zebra/">
            <size>555</size>
            <score>680</score>
            <localnumber>835703</localnumber>
            <filename>sigla/sigla.mrc</filename>
          </idzebra>
        </record>
      </zs:recordData>
      <zs:recordPosition>148</zs:recordPosition>
    </zs:record>