<zs:record>
      <zs:recordPacking>xml</zs:recordPacking>
      <zs:recordData>
        <record xmlns="http://www.loc.gov/MARC21/slim">
          <leader>00539nz a2200133 4500</leader>
          <controlfield tag="001">30002069</controlfield>
          <controlfield tag="003">RISM</controlfield>
          <controlfield tag="005">20121108</controlfield>
          <controlfield tag="008">121108n||az|||||||##########||||||||||||</controlfield>
          <datafield tag="043" ind1=" " ind2=" ">
            <subfield code="c">Poland</subfield>
          </datafield>
          <datafield tag="110" ind1="2" ind2=" ">
            <subfield code="a">Muzeum Protestantyzmu - Biblioteka i Archiwum im. Tschammera </subfield>
            <subfield code="c">Cieszyn</subfield>
            <subfield code="g">PL-Cp</subfield>
          </datafield>
          <datafield tag="410" ind1="2" ind2=" ">
            <subfield code="a">Biblioteka Kościoła Ewangelicko-Augsburgskiego im. B. Tschammera</subfield>
          </datafield>
          <datafield tag="622" ind1=" " ind2=" ">
            <subfield code="e">Muzeum Protestantyzmu - Biblioteka i, Archiwum im. Tschammera , pl. Kościelny 6, 43-400
              Cieszyn, Poland</subfield>
            <subfield code="u">http://www.biblioteka.cieszyn.org.pl/</subfield>
          </datafield>
          <datafield tag="852" ind1="2" ind2=" ">
            <subfield code="b">49.7497638, 18.6354709</subfield>
          </datafield>
          <idzebra xmlns="http://www.indexdata.dk/zebra/">
            <size>539</size>
            <score>680</score>
            <localnumber>829823</localnumber>
            <filename>sigla/sigla.mrc</filename>
          </idzebra>
        </record>
      </zs:recordData>
      <zs:recordPosition>9</zs:recordPosition>
    </zs:record>