<zs:record>
      <zs:recordPacking>xml</zs:recordPacking>
      <zs:recordData>
        <record xmlns="http://www.loc.gov/MARC21/slim">
          <leader>00602nz a2200133 4500</leader>
          <controlfield tag="001">30006634</controlfield>
          <controlfield tag="003">RISM</controlfield>
          <controlfield tag="005">20121108</controlfield>
          <controlfield tag="008">121108n||az|||||||##########||||||||||||</controlfield>
          <datafield tag="043" ind1=" " ind2=" ">
            <subfield code="c">Poland</subfield>
          </datafield>
          <datafield tag="110" ind1="2" ind2=" ">
            <subfield code="a">Biblioteka Elbląska im. Cypriana Norwida. Dział Badań Regionalnych i Zbiorów
              Zabytkowch</subfield>
            <subfield code="c">Elbląg</subfield>
            <subfield code="g">PL-Ep</subfield>
          </datafield>
          <datafield tag="622" ind1=" " ind2=" ">
            <subfield code="e">Biblioteka Elbląska im. Cypriana, Norwida. Dział Badań Regionalnych i, Zbiorów
              Zabytkowch, ul. św. Ducha 3-7, 82-300 Elbląg, Poland</subfield>
            <subfield code="u">http://www.bibliotekaelblaska.pl</subfield>
          </datafield>
          <datafield tag="710" ind1="2" ind2=" ">
            <subfield code="a">Stadtbibliothek, Elbing (dawna Biblioteka Miejska w Elblągu)</subfield>
            <subfield code="0">30077457</subfield>
          </datafield>
          <datafield tag="852" ind1="2" ind2=" ">
            <subfield code="b">54.1560613, 19.4044897</subfield>
          </datafield>
          <idzebra xmlns="http://www.indexdata.dk/zebra/">
            <size>602</size>
            <score>680</score>
            <localnumber>832394</localnumber>
            <filename>sigla/sigla.mrc</filename>
          </idzebra>
        </record>
      </zs:recordData>
      <zs:recordPosition>62</zs:recordPosition>
    </zs:record>