<zs:record>
      <zs:recordPacking>xml</zs:recordPacking>
      <zs:recordData>
        <record xmlns="http://www.loc.gov/MARC21/slim">
          <leader>00518nz a2200133 4500</leader>
          <controlfield tag="001">30006638</controlfield>
          <controlfield tag="003">RISM</controlfield>
          <controlfield tag="005">20121108</controlfield>
          <controlfield tag="008">121108n||az|||||||##########||||||||||||</controlfield>
          <datafield tag="043" ind1=" " ind2=" ">
            <subfield code="c">Poland</subfield>
          </datafield>
          <datafield tag="110" ind1="2" ind2=" ">
            <subfield code="a">Biblioteka Główna Akademii Muzycznej im. St. Moniuszki w Gdańsku</subfield>
            <subfield code="c">Gdańsk</subfield>
            <subfield code="g">PL-GDam</subfield>
          </datafield>
          <datafield tag="410" ind1="2" ind2=" ">
            <subfield code="a">Stanisław Moniuszko Music Academy Main Library</subfield>
          </datafield>
          <datafield tag="622" ind1=" " ind2=" ">
            <subfield code="e">Biblioteka Główna Akademii Muzycznej im., St. Moniuszki w Gdańsku, ul. Łąkowa 1-2, 80-743
              Gdańsk, Poland</subfield>
            <subfield code="u">http://www.amuz.gda.pl</subfield>
          </datafield>
          <datafield tag="852" ind1="2" ind2=" ">
            <subfield code="b">54.3520252, 18.6466384</subfield>
          </datafield>
          <idzebra xmlns="http://www.indexdata.dk/zebra/">
            <size>518</size>
            <score>680</score>
            <localnumber>832397</localnumber>
            <filename>sigla/sigla.mrc</filename>
          </idzebra>
        </record>
      </zs:recordData>
      <zs:recordPosition>64</zs:recordPosition>
    </zs:record>