<zs:record>
      <zs:recordPacking>xml</zs:recordPacking>
      <zs:recordData>
        <record xmlns="http://www.loc.gov/MARC21/slim">
          <leader>00570nz a2200133 4500</leader>
          <controlfield tag="001">30002073</controlfield>
          <controlfield tag="003">RISM</controlfield>
          <controlfield tag="005">20121108</controlfield>
          <controlfield tag="008">121108n||az|||||||##########||||||||||||</controlfield>
          <datafield tag="043" ind1=" " ind2=" ">
            <subfield code="c">Poland</subfield>
          </datafield>
          <datafield tag="110" ind1="2" ind2=" ">
            <subfield code="a">Wojewódzka i Miejska Biblioteka Publiczna im. Josepha Conrada Korzeniowskiego w
              Gdańsku</subfield>
            <subfield code="c">Gdańsk</subfield>
            <subfield code="g">PL-GDp</subfield>
          </datafield>
          <datafield tag="410" ind1="2" ind2=" ">
            <subfield code="a">Voivodeship Joseph Conrad Korzeniowski Public Library</subfield>
          </datafield>
          <datafield tag="622" ind1=" " ind2=" ">
            <subfield code="e">Wojewódzka i Miejska Biblioteka, Publiczna im. Josepha Conrada, Korzeniowskiego w
              Gdańsku, ul. Targ Rakowy 5/6, 80-806 Gdańsk, Poland</subfield>
            <subfield code="u">http://www.wbpg.org.pl</subfield>
          </datafield>
          <datafield tag="852" ind1="2" ind2=" ">
            <subfield code="b">54.3520252, 18.6466384</subfield>
          </datafield>
          <idzebra xmlns="http://www.indexdata.dk/zebra/">
            <size>570</size>
            <score>680</score>
            <localnumber>830936</localnumber>
            <filename>sigla/sigla.mrc</filename>
          </idzebra>
        </record>
      </zs:recordData>
      <zs:recordPosition>41</zs:recordPosition>
    </zs:record>