<zs:record>
      <zs:recordPacking>xml</zs:recordPacking>
      <zs:recordData>
        <record xmlns="http://www.loc.gov/MARC21/slim">
          <leader>00635nz a2200157 4500</leader>
          <controlfield tag="001">30004499</controlfield>
          <controlfield tag="003">RISM</controlfield>
          <controlfield tag="005">20121108</controlfield>
          <controlfield tag="008">121108n||az|||||||##########||||||||||||</controlfield>
          <datafield tag="043" ind1=" " ind2=" ">
            <subfield code="c">Poland</subfield>
          </datafield>
          <datafield tag="110" ind1="2" ind2=" ">
            <subfield code="a">Biblioteka Główna Akademii Muzycznej im. Karola Szymanowskiego</subfield>
            <subfield code="c">Katowice</subfield>
            <subfield code="g">PL-KAam</subfield>
          </datafield>
          <datafield tag="410" ind1="2" ind2=" ">
            <subfield code="a">Karol Szymanowski Music Academy Main Library</subfield>
          </datafield>
          <datafield tag="410" ind1="2" ind2=" ">
            <subfield code="a">Biblioteka Główna Państwowej Wyższej Szkoły Muzycznej (bis 31.12.1979)</subfield>
          </datafield>
          <datafield tag="622" ind1=" " ind2=" ">
            <subfield code="e">Biblioteka Główna Akademii Muzycznej, im. Karola Szymanowskiego, ul. Zacisze 3, 40-025
              Katowice, Poland</subfield>
            <subfield code="u">http://www.am.katowice.pl/</subfield>
          </datafield>
          <datafield tag="688" ind1="2" ind2=" ">
            <subfield code="a">Series A/I: KAm</subfield>
          </datafield>
          <datafield tag="852" ind1="2" ind2=" ">
            <subfield code="b">50.2063381, 18.9667983</subfield>
          </datafield>
          <idzebra xmlns="http://www.indexdata.dk/zebra/">
            <size>635</size>
            <score>680</score>
            <localnumber>835056</localnumber>
            <filename>sigla/sigla.mrc</filename>
          </idzebra>
        </record>
      </zs:recordData>
      <zs:recordPosition>142</zs:recordPosition>
    </zs:record>