<zs:record>
      <zs:recordPacking>xml</zs:recordPacking>
      <zs:recordData>
        <record xmlns="http://www.loc.gov/MARC21/slim">
          <leader>00544nz a2200145 4500</leader>
          <controlfield tag="001">30003146</controlfield>
          <controlfield tag="003">RISM</controlfield>
          <controlfield tag="005">20121108</controlfield>
          <controlfield tag="008">121108n||az|||||||##########||||||||||||</controlfield>
          <datafield tag="043" ind1=" " ind2=" ">
            <subfield code="c">Poland</subfield>
          </datafield>
          <datafield tag="110" ind1="2" ind2=" ">
            <subfield code="a">Biblioteka Klasztoru OO. Bernardynów p. w. św. Bernarda ze Sieny</subfield>
            <subfield code="c">Kraków</subfield>
            <subfield code="g">PL-Kb</subfield>
          </datafield>
          <datafield tag="410" ind1="2" ind2=" ">
            <subfield code="a">Biblioteka Prowincji OO. Bernardynów</subfield>
          </datafield>
          <datafield tag="622" ind1=" " ind2=" ">
            <subfield code="e">Biblioteka Klasztoru OO. Bernardynów p., w. św. Bernarda ze Sieny, ul. Bernardyńska 2,
              30-960 Kraków, Poland</subfield>
            <subfield code="u">http://www.bernardyni.ofm.pl</subfield>
          </datafield>
          <datafield tag="688" ind1="2" ind2=" ">
            <subfield code="a">Series C: Kpb</subfield>
          </datafield>
          <datafield tag="852" ind1="2" ind2=" ">
            <subfield code="b">50.0646501, 19.9449799</subfield>
          </datafield>
          <idzebra xmlns="http://www.indexdata.dk/zebra/">
            <size>544</size>
            <score>680</score>
            <localnumber>835777</localnumber>
            <filename>sigla/sigla.mrc</filename>
          </idzebra>
        </record>
      </zs:recordData>
      <zs:recordPosition>150</zs:recordPosition>
    </zs:record>