<zs:record>
      <zs:recordPacking>xml</zs:recordPacking>
      <zs:recordData>
        <record xmlns="http://www.loc.gov/MARC21/slim">
          <leader>00624nz a2200133 4500</leader>
          <controlfield tag="001">30002077</controlfield>
          <controlfield tag="003">RISM</controlfield>
          <controlfield tag="005">20121108</controlfield>
          <controlfield tag="008">121108n||az|||||||##########||||||||||||</controlfield>
          <datafield tag="043" ind1=" " ind2=" ">
            <subfield code="c">Poland</subfield>
          </datafield>
          <datafield tag="110" ind1="2" ind2=" ">
            <subfield code="a">Muzeum Narodowe w Krakowie. Muzeum im. Emeryka Hutten-Czapskiego</subfield>
            <subfield code="c">Kraków</subfield>
            <subfield code="g">PL-Kcz</subfield>
          </datafield>
          <datafield tag="410" ind1="2" ind2=" ">
            <subfield code="a">National Museum in Cracow. Emeryk Hutten-Czapski Museum</subfield>
          </datafield>
          <datafield tag="410" ind1="2" ind2=" ">
            <subfield code="a">Muzeum Narodowe. Oddział Czapskich, Dział Starych Druków i Rękopisów</subfield>
          </datafield>
          <datafield tag="622" ind1=" " ind2=" ">
            <subfield code="e">Muzeum Narodowe w Krakowie. Muzeum im., Emeryka Hutten-Czapskiego, ul. Piłsudskiego 12,
              31-109 Kraków, Poland</subfield>
            <subfield code="u">http://www.muzeum.krakow.pl/Muzeum-im-Emeryka-Hutten-Czapskiego.85.0.html</subfield>
          </datafield>
          <idzebra xmlns="http://www.indexdata.dk/zebra/">
            <size>624</size>
            <score>680</score>
            <localnumber>830271</localnumber>
            <filename>sigla/sigla.mrc</filename>
          </idzebra>
        </record>
      </zs:recordData>
      <zs:recordPosition>19</zs:recordPosition>
    </zs:record>