<zs:record>
      <zs:recordPacking>xml</zs:recordPacking>
      <zs:recordData>
        <record xmlns="http://www.loc.gov/MARC21/slim">
          <leader>00623nz a2200145 4500</leader>
          <controlfield tag="001">30004501</controlfield>
          <controlfield tag="003">RISM</controlfield>
          <controlfield tag="005">20121108</controlfield>
          <controlfield tag="008">121108n||az|||||||##########||||||||||||</controlfield>
          <datafield tag="043" ind1=" " ind2=" ">
            <subfield code="c">Poland</subfield>
          </datafield>
          <datafield tag="110" ind1="2" ind2=" ">
            <subfield code="a">Ośrodek Dokumentacji Muzyki Polskiej XIX wieku im. Jana Ignacego Paderewskiego</subfield>
            <subfield code="c">Kraków</subfield>
            <subfield code="g">PL-Kdp</subfield>
          </datafield>
          <datafield tag="410" ind1="2" ind2=" ">
            <subfield code="a">Ośrodek Dokumentacji Życia i Twórczości I. J. Paderewskiego przy Katedrze Historii i
              Teorii Muzyki UJ</subfield>
          </datafield>
          <datafield tag="410" ind1="2" ind2=" ">
            <subfield code="a">Ignacy-Jan-Paderewski-Archiv</subfield>
          </datafield>
          <datafield tag="622" ind1=" " ind2=" ">
            <subfield code="e">Ośrodek Dokumentacji Muzyki Polskiej XIX, wieku im. Jana Ignacego Paderewskiego, ul.
              Westerplatte 10, 31-033 Kraków, Poland</subfield>
          </datafield>
          <datafield tag="852" ind1="2" ind2=" ">
            <subfield code="b">50.0667345, 19.9410439</subfield>
          </datafield>
          <idzebra xmlns="http://www.indexdata.dk/zebra/">
            <size>623</size>
            <score>680</score>
            <localnumber>832852</localnumber>
            <filename>sigla/sigla.mrc</filename>
          </idzebra>
        </record>
      </zs:recordData>
      <zs:recordPosition>68</zs:recordPosition>
    </zs:record>