<zs:record>
      <zs:recordPacking>xml</zs:recordPacking>
      <zs:recordData>
        <record xmlns="http://www.loc.gov/MARC21/slim">
          <leader>00439nz a2200121 4500</leader>
          <controlfield tag="001">30006629</controlfield>
          <controlfield tag="003">RISM</controlfield>
          <controlfield tag="005">20121108</controlfield>
          <controlfield tag="008">121108n||az|||||||##########||||||||||||</controlfield>
          <datafield tag="043" ind1=" " ind2=" ">
            <subfield code="c">Poland</subfield>
          </datafield>
          <datafield tag="110" ind1="2" ind2=" ">
            <subfield code="a">Biblioteka Zgromadzenia Księży Misjonarzy w Krakowie</subfield>
            <subfield code="c">Kraków</subfield>
            <subfield code="g">PL-Km</subfield>
          </datafield>
          <datafield tag="622" ind1=" " ind2=" ">
            <subfield code="e">Biblioteka Zgromadzenia Księży, Misjonarzy w Krakowie, ul. Stradomska 4, 31-058 Kraków,
              Poland</subfield>
            <subfield code="u">http://www.misjonarze.pl/biblioteka</subfield>
          </datafield>
          <datafield tag="852" ind1="2" ind2=" ">
            <subfield code="b">50.0646501, 19.9449799</subfield>
          </datafield>
          <idzebra xmlns="http://www.indexdata.dk/zebra/">
            <size>439</size>
            <score>680</score>
            <localnumber>835276</localnumber>
            <filename>sigla/sigla.mrc</filename>
          </idzebra>
        </record>
      </zs:recordData>
      <zs:recordPosition>143</zs:recordPosition>
    </zs:record>