<zs:record>
      <zs:recordPacking>xml</zs:recordPacking>
      <zs:recordData>
        <record xmlns="http://www.loc.gov/MARC21/slim">
          <leader>00617nz a2200145 4500</leader>
          <controlfield tag="001">30002081</controlfield>
          <controlfield tag="003">RISM</controlfield>
          <controlfield tag="005">20121108</controlfield>
          <controlfield tag="008">121108n||az|||||||##########||||||||||||</controlfield>
          <datafield tag="043" ind1=" " ind2=" ">
            <subfield code="c">Poland</subfield>
          </datafield>
          <datafield tag="110" ind1="2" ind2=" ">
            <subfield code="a">Biblioteka Naukowa Polskiej Akademii Umiejętności i Polskiej Akademii Nauk w
              Krakowie</subfield>
            <subfield code="c">Kraków</subfield>
            <subfield code="g">PL-Kp</subfield>
          </datafield>
          <datafield tag="410" ind1="2" ind2=" ">
            <subfield code="a">Polish Academy of Science, Kraków. Library</subfield>
          </datafield>
          <datafield tag="622" ind1=" " ind2=" ">
            <subfield code="e">Biblioteka Naukowa Polskiej Akademii, Umiejętności i Polskiej Akademii Nauk, Krakowie,
              ul. Sławkowska 17, 31-016 Kraków, Poland</subfield>
            <subfield code="u">http://www.biblioteka.pau.krakow.pl/</subfield>
          </datafield>
          <datafield tag="688" ind1="2" ind2=" ">
            <subfield code="a">Series B: Ka</subfield>
          </datafield>
          <datafield tag="710" ind1="2" ind2=" ">
            <subfield code="a">Kolekcja Hieronima Łopacińskiego</subfield>
            <subfield code="0">30076935</subfield>
          </datafield>
          <idzebra xmlns="http://www.indexdata.dk/zebra/">
            <size>617</size>
            <score>680</score>
            <localnumber>830596</localnumber>
            <filename>sigla/sigla.mrc</filename>
          </idzebra>
        </record>
      </zs:recordData>
      <zs:recordPosition>23</zs:recordPosition>
    </zs:record>