<zs:record>
      <zs:recordPacking>xml</zs:recordPacking>
      <zs:recordData>
        <record xmlns="http://www.loc.gov/MARC21/slim">
          <leader>00567nz a2200145 4500</leader>
          <controlfield tag="001">30002084</controlfield>
          <controlfield tag="003">RISM</controlfield>
          <controlfield tag="005">20121108</controlfield>
          <controlfield tag="008">121108n||az|||||||##########||||||||||||</controlfield>
          <datafield tag="043" ind1=" " ind2=" ">
            <subfield code="c">Poland</subfield>
          </datafield>
          <datafield tag="110" ind1="2" ind2=" ">
            <subfield code="a">Biblioteka Kórnicka Polskiej Akademii Nauk</subfield>
            <subfield code="c">Kórnik</subfield>
            <subfield code="g">PL-KÓ</subfield>
          </datafield>
          <datafield tag="410" ind1="2" ind2=" ">
            <subfield code="a">Polish Academy of Science, Kórnik. Library</subfield>
          </datafield>
          <datafield tag="410" ind1="2" ind2=" ">
            <subfield code="a">Biblioteka Kórnicka Polskiej Akademii Nauk. Sekcja Muzykaliów</subfield>
          </datafield>
          <datafield tag="622" ind1=" " ind2=" ">
            <subfield code="e">Biblioteka Kórnicka Polskiej Akademii, Nauk, ul. Zamkowa 5, 62-035 Kórnik,
              Poland</subfield>
            <subfield code="u">http://www.bkpan.poznan.pl/biblioteka/index.html</subfield>
          </datafield>
          <datafield tag="852" ind1="2" ind2=" ">
            <subfield code="b">52.2467738, 17.0901297</subfield>
          </datafield>
          <idzebra xmlns="http://www.indexdata.dk/zebra/">
            <size>567</size>
            <score>680</score>
            <localnumber>830599</localnumber>
            <filename>sigla/sigla.mrc</filename>
          </idzebra>
        </record>
      </zs:recordData>
      <zs:recordPosition>25</zs:recordPosition>
    </zs:record>