<zs:record>
      <zs:recordPacking>xml</zs:recordPacking>
      <zs:recordData>
        <record xmlns="http://www.loc.gov/MARC21/slim">
          <leader>00427nz a2200121 4500</leader>
          <controlfield tag="001">30070442</controlfield>
          <controlfield tag="003">RISM</controlfield>
          <controlfield tag="005">20121108</controlfield>
          <controlfield tag="008">121108n||az|||||||##########||||||||||||</controlfield>
          <datafield tag="043" ind1=" " ind2=" ">
            <subfield code="c">Poland</subfield>
          </datafield>
          <datafield tag="110" ind1="2" ind2=" ">
            <subfield code="a">Muzeum Ziemi Kłodzkiej. Oddział Historyczny</subfield>
            <subfield code="c">Kłodzko</subfield>
            <subfield code="g">PL-KŁmzk</subfield>
          </datafield>
          <datafield tag="622" ind1=" " ind2=" ">
            <subfield code="e">Muzeum Ziemi Kłodzkiej. Oddział, Historyczny, pl. Łukasiewicza 4, 57-300 Kłodzko,
              Poland</subfield>
            <subfield code="u">http://www.muz.bip.um.klodzko.pl</subfield>
          </datafield>
          <datafield tag="852" ind1="2" ind2=" ">
            <subfield code="b">50.4345636, 16.6613941</subfield>
          </datafield>
          <idzebra xmlns="http://www.indexdata.dk/zebra/">
            <size>427</size>
            <score>680</score>
            <localnumber>834529</localnumber>
            <filename>sigla/sigla.mrc</filename>
          </idzebra>
        </record>
      </zs:recordData>
      <zs:recordPosition>99</zs:recordPosition>
    </zs:record>