<zs:record>
      <zs:recordPacking>xml</zs:recordPacking>
      <zs:recordData>
        <record xmlns="http://www.loc.gov/MARC21/slim">
          <leader>00469nz a2200121 4500</leader>
          <controlfield tag="001">30076921</controlfield>
          <controlfield tag="003">RISM</controlfield>
          <controlfield tag="005">20121108</controlfield>
          <controlfield tag="008">121108n||az|||||||##########||||||||||||</controlfield>
          <datafield tag="043" ind1=" " ind2=" ">
            <subfield code="c">Poland</subfield>
          </datafield>
          <datafield tag="110" ind1="2" ind2=" ">
            <subfield code="a">Parafia Św. Jana Chrzciciela w Lesznie - Biblioteka parafialna</subfield>
            <subfield code="c">Leszno</subfield>
            <subfield code="g">PL-LSZpj</subfield>
          </datafield>
          <datafield tag="622" ind1=" " ind2=" ">
            <subfield code="e">Parafia Św. Jana Chrzciciela w Lesznie, - Biblioteka parafialna, ul. Bolesława Chrobrego
              28, 64-100 Leszno, Poland</subfield>
            <subfield code="u">http://www.jan.chrzciciel.leszno.pl/</subfield>
          </datafield>
          <datafield tag="852" ind1="2" ind2=" ">
            <subfield code="b">51.8415955, 16.5777757</subfield>
          </datafield>
          <idzebra xmlns="http://www.indexdata.dk/zebra/">
            <size>469</size>
            <score>680</score>
            <localnumber>834918</localnumber>
            <filename>sigla/sigla.mrc</filename>
          </idzebra>
        </record>
      </zs:recordData>
      <zs:recordPosition>134</zs:recordPosition>
    </zs:record>