<zs:record>
      <zs:recordPacking>xml</zs:recordPacking>
      <zs:recordData>
        <record xmlns="http://www.loc.gov/MARC21/slim">
          <leader>00426nz a2200121 4500</leader>
          <controlfield tag="001">30070421</controlfield>
          <controlfield tag="003">RISM</controlfield>
          <controlfield tag="005">20121108</controlfield>
          <controlfield tag="008">121108n||az|||||||##########||||||||||||</controlfield>
          <datafield tag="043" ind1=" " ind2=" ">
            <subfield code="c">Poland</subfield>
          </datafield>
          <datafield tag="110" ind1="2" ind2=" ">
            <subfield code="a">Klasztor OO. Benedyktynów. Biblioteka</subfield>
            <subfield code="c">Lubiń</subfield>
            <subfield code="g">PL-LUben</subfield>
          </datafield>
          <datafield tag="410" ind1="2" ind2=" ">
            <subfield code="a">Kościół klasztorny pw. Narodzenia NMP</subfield>
          </datafield>
          <datafield tag="622" ind1=" " ind2=" ">
            <subfield code="e">Klasztor OO. Benedyktynów. Biblioteka, ul. Mickiewicza 6, 64-007 Lubiń, Poland</subfield>
            <subfield code="u">http://lubin.benedyktyni.pl/historia</subfield>
          </datafield>
          <idzebra xmlns="http://www.indexdata.dk/zebra/">
            <size>426</size>
            <score>680</score>
            <localnumber>834685</localnumber>
            <filename>sigla/sigla.mrc</filename>
          </idzebra>
        </record>
      </zs:recordData>
      <zs:recordPosition>124</zs:recordPosition>
    </zs:record>