<zs:record>
      <zs:recordPacking>xml</zs:recordPacking>
      <zs:recordData>
        <record xmlns="http://www.loc.gov/MARC21/slim">
          <leader>00603nz a2200145 4500</leader>
          <controlfield tag="001">30002085</controlfield>
          <controlfield tag="003">RISM</controlfield>
          <controlfield tag="005">20121108</controlfield>
          <controlfield tag="008">121108n||az|||||||##########||||||||||||</controlfield>
          <datafield tag="043" ind1=" " ind2=" ">
            <subfield code="c">Poland</subfield>
          </datafield>
          <datafield tag="110" ind1="2" ind2=" ">
            <subfield code="a">Biblioteka Uniwersytecka Katolickiego Uniwersytetu Lubelskiego Jana Pawła II</subfield>
            <subfield code="c">Lublin</subfield>
            <subfield code="g">PL-Lk</subfield>
          </datafield>
          <datafield tag="410" ind1="2" ind2=" ">
            <subfield code="a">Catholic University of Lublin. University Library</subfield>
          </datafield>
          <datafield tag="622" ind1=" " ind2=" ">
            <subfield code="e">Biblioteka Uniwersytecka Katolickiego, Uniwersytetu Lubelskiego Jana Pawła II, ul.
              Chopina 27, 20-023 Lublin, Poland</subfield>
            <subfield code="u">http://www.kul.pl/biblioteka,191.html</subfield>
          </datafield>
          <datafield tag="710" ind1="2" ind2=" ">
            <subfield code="a">Seminarium Duchowne, Siedlce</subfield>
            <subfield code="0">30076936</subfield>
          </datafield>
          <datafield tag="852" ind1="2" ind2=" ">
            <subfield code="b">51.1254856, 23.2421245</subfield>
          </datafield>
          <idzebra xmlns="http://www.indexdata.dk/zebra/">
            <size>603</size>
            <score>680</score>
            <localnumber>836304</localnumber>
            <filename>sigla/sigla.mrc</filename>
          </idzebra>
        </record>
      </zs:recordData>
      <zs:recordPosition>162</zs:recordPosition>
    </zs:record>