<zs:record>
      <zs:recordPacking>xml</zs:recordPacking>
      <zs:recordData>
        <record xmlns="http://www.loc.gov/MARC21/slim">
          <leader>00567nz a2200145 4500</leader>
          <controlfield tag="001">30002086</controlfield>
          <controlfield tag="003">RISM</controlfield>
          <controlfield tag="005">20121108</controlfield>
          <controlfield tag="008">121108n||az|||||||##########||||||||||||</controlfield>
          <datafield tag="043" ind1=" " ind2=" ">
            <subfield code="c">Poland</subfield>
          </datafield>
          <datafield tag="110" ind1="2" ind2=" ">
            <subfield code="a">Wojewódzka Biblioteka Publiczna im. Hieronima Łopacińskiego</subfield>
            <subfield code="c">Lublin</subfield>
            <subfield code="g">PL-Lw</subfield>
          </datafield>
          <datafield tag="410" ind1="2" ind2=" ">
            <subfield code="a">Voivodship Hieronim Łopaciński Public Library</subfield>
          </datafield>
          <datafield tag="622" ind1=" " ind2=" ">
            <subfield code="e">Wojewódzka Biblioteka Publiczna im., Hieronima Łopacińskiego, ul. G. Narutowicza 4,
              20-950 Lublin, Poland</subfield>
            <subfield code="u">http://hl.wbp.lublin.pl/wbp/</subfield>
          </datafield>
          <datafield tag="710" ind1="2" ind2=" ">
            <subfield code="a">Spuścizna Aleksandra Bryka</subfield>
            <subfield code="0">30076937</subfield>
          </datafield>
          <datafield tag="852" ind1="2" ind2=" ">
            <subfield code="b">51.2465524, 22.5632307</subfield>
          </datafield>
          <idzebra xmlns="http://www.indexdata.dk/zebra/">
            <size>567</size>
            <score>680</score>
            <localnumber>830600</localnumber>
            <filename>sigla/sigla.mrc</filename>
          </idzebra>
        </record>
      </zs:recordData>
      <zs:recordPosition>26</zs:recordPosition>
    </zs:record>