<zs:record>
      <zs:recordPacking>xml</zs:recordPacking>
      <zs:recordData>
        <record xmlns="http://www.loc.gov/MARC21/slim">
          <leader>00426nz a2200121 4500</leader>
          <controlfield tag="001">30006285</controlfield>
          <controlfield tag="003">RISM</controlfield>
          <controlfield tag="005">20121108</controlfield>
          <controlfield tag="008">121108n||az|||||||##########||||||||||||</controlfield>
          <datafield tag="043" ind1=" " ind2=" ">
            <subfield code="c">Poland</subfield>
          </datafield>
          <datafield tag="110" ind1="2" ind2=" ">
            <subfield code="a">Biblioteka Warmińskiego Seminarium Duchownego "Hosianum"</subfield>
            <subfield code="c">Olsztyn</subfield>
            <subfield code="g">PL-Osem</subfield>
          </datafield>
          <datafield tag="622" ind1=" " ind2=" ">
            <subfield code="e">Biblioteka Warmińskiego Seminarium, Duchownego "Hosianum", ul. Kard. Stanisława Hozjusza
              15, 11-041 Olsztyn, Poland</subfield>
          </datafield>
          <datafield tag="852" ind1="2" ind2=" ">
            <subfield code="b">53.778422, 20.4801193</subfield>
          </datafield>
          <idzebra xmlns="http://www.indexdata.dk/zebra/">
            <size>426</size>
            <score>680</score>
            <localnumber>831387</localnumber>
            <filename>sigla/sigla.mrc</filename>
          </idzebra>
        </record>
      </zs:recordData>
      <zs:recordPosition>51</zs:recordPosition>
    </zs:record>