<zs:record>
      <zs:recordPacking>xml</zs:recordPacking>
      <zs:recordData>
        <record xmlns="http://www.loc.gov/MARC21/slim">
          <leader>00484nz a2200121 4500</leader>
          <controlfield tag="001">30006662</controlfield>
          <controlfield tag="003">RISM</controlfield>
          <controlfield tag="005">20121108</controlfield>
          <controlfield tag="008">121108n||az|||||||##########||||||||||||</controlfield>
          <datafield tag="043" ind1=" " ind2=" ">
            <subfield code="c">Poland</subfield>
          </datafield>
          <datafield tag="110" ind1="2" ind2=" ">
            <subfield code="a">Wyższe Seminarium Duchowne diecezji Zielonogórsko-Gorzowskiej</subfield>
            <subfield code="c">Gościkowo-Paradyż</subfield>
            <subfield code="g">PL-PAsd</subfield>
          </datafield>
          <datafield tag="410" ind1="2" ind2=" ">
            <subfield code="a">Pocysterski Zespół Klasztorny Gościkowo-Paradyż</subfield>
          </datafield>
          <datafield tag="622" ind1=" " ind2=" ">
            <subfield code="e">Wyższe Seminarium Duchowne diecezji, Zielonogórsko-Gorzowskiej, Gościkowo 3, 66-200
              Świebodzin, Poland</subfield>
            <subfield code="u">http://paradisus.pl</subfield>
          </datafield>
          <idzebra xmlns="http://www.indexdata.dk/zebra/">
            <size>484</size>
            <score>680</score>
            <localnumber>831415</localnumber>
            <filename>sigla/sigla.mrc</filename>
          </idzebra>
        </record>
      </zs:recordData>
      <zs:recordPosition>53</zs:recordPosition>
    </zs:record>