<zs:record>
      <zs:recordPacking>xml</zs:recordPacking>
      <zs:recordData>
        <record xmlns="http://www.loc.gov/MARC21/slim">
          <leader>00585nz a2200157 4500</leader>
          <controlfield tag="001">30002094</controlfield>
          <controlfield tag="003">RISM</controlfield>
          <controlfield tag="005">20121108</controlfield>
          <controlfield tag="008">121108n||az|||||||##########||||||||||||</controlfield>
          <datafield tag="043" ind1=" " ind2=" ">
            <subfield code="c">Poland</subfield>
          </datafield>
          <datafield tag="110" ind1="2" ind2=" ">
            <subfield code="a">Wyższe Seminarium Duchowne Diecezji Pelplińskiej, Biblioteka</subfield>
            <subfield code="c">Pelplin</subfield>
            <subfield code="g">PL-PE</subfield>
          </datafield>
          <datafield tag="410" ind1="2" ind2=" ">
            <subfield code="a">Higher Theological Seminary Library</subfield>
          </datafield>
          <datafield tag="410" ind1="2" ind2=" ">
            <subfield code="a">Biblioteka Biskupstwa Chełmińskiego</subfield>
          </datafield>
          <datafield tag="622" ind1=" " ind2=" ">
            <subfield code="e">Wyższe Seminarium Duchowne Diecezji, Pelplińskiej, Biblioteka, Plac Mariacki 7, 83-130
              Pelplin, Poland</subfield>
            <subfield code="u">http://www.seminarium.pelplin.diecezja.org/</subfield>
          </datafield>
          <datafield tag="670" ind1="2" ind2=" ">
            <subfield code="a">1</subfield>
          </datafield>
          <datafield tag="852" ind1="2" ind2=" ">
            <subfield code="b">53.9283135, 18.6979422</subfield>
          </datafield>
          <idzebra xmlns="http://www.indexdata.dk/zebra/">
            <size>585</size>
            <score>680</score>
            <localnumber>836253</localnumber>
            <filename>sigla/sigla.mrc</filename>
          </idzebra>
        </record>
      </zs:recordData>
      <zs:recordPosition>153</zs:recordPosition>
    </zs:record>