<zs:record>
      <zs:recordPacking>xml</zs:recordPacking>
      <zs:recordData>
        <record xmlns="http://www.loc.gov/MARC21/slim">
          <leader>00653nz a2200157 4500</leader>
          <controlfield tag="001">30005633</controlfield>
          <controlfield tag="003">RISM</controlfield>
          <controlfield tag="005">20121108</controlfield>
          <controlfield tag="008">121108n||az|||||||##########||||||||||||</controlfield>
          <datafield tag="043" ind1=" " ind2=" ">
            <subfield code="c">Poland</subfield>
          </datafield>
          <datafield tag="110" ind1="2" ind2=" ">
            <subfield code="a">Klasztor o.o. Franciszkanów, Biblioteka</subfield>
            <subfield code="c">Poznań</subfield>
            <subfield code="g">PL-Pf</subfield>
          </datafield>
          <datafield tag="410" ind1="2" ind2=" ">
            <subfield code="a">Biblioteka Prowincji Wniebowzięcia Matki Bożej OO. Franciszkanów</subfield>
          </datafield>
          <datafield tag="410" ind1="2" ind2=" ">
            <subfield code="a">Kościół św. Franciszka Serafickiego - Franciszkanów - Bernardynów</subfield>
          </datafield>
          <datafield tag="410" ind1="2" ind2=" ">
            <subfield code="a">Zakon Braci Mniejszych - Prowincja św. Franciszka</subfield>
          </datafield>
          <datafield tag="622" ind1=" " ind2=" ">
            <subfield code="e">Klasztor o.o. Franciszkanów, Biblioteka, ul. Franciszkańska 2, 61-768 Poznań,
              Poland</subfield>
            <subfield code="u">http://www.poznan.franciszkanie.pl/</subfield>
          </datafield>
          <datafield tag="852" ind1="2" ind2=" ">
            <subfield code="b">52.4083753, 16.9307814</subfield>
          </datafield>
          <idzebra xmlns="http://www.indexdata.dk/zebra/">
            <size>653</size>
            <score>680</score>
            <localnumber>832686</localnumber>
            <filename>sigla/sigla.mrc</filename>
          </idzebra>
        </record>
      </zs:recordData>
      <zs:recordPosition>66</zs:recordPosition>
    </zs:record>