<zs:record>
      <zs:recordPacking>xml</zs:recordPacking>
      <zs:recordData>
        <record xmlns="http://www.loc.gov/MARC21/slim">
          <leader>00587nz a2200133 4500</leader>
          <controlfield tag="001">30003148</controlfield>
          <controlfield tag="003">RISM</controlfield>
          <controlfield tag="005">20121108</controlfield>
          <controlfield tag="008">121108n||az|||||||##########||||||||||||</controlfield>
          <datafield tag="043" ind1=" " ind2=" ">
            <subfield code="c">Poland</subfield>
          </datafield>
          <datafield tag="110" ind1="2" ind2=" ">
            <subfield code="a">Biblioteka Zakładu Muzykologii Instytutu Sztuki Uniwersytetu im. Adama
              Mickiewicza</subfield>
            <subfield code="c">Poznań</subfield>
            <subfield code="g">PL-Pm</subfield>
          </datafield>
          <datafield tag="410" ind1="2" ind2=" ">
            <subfield code="a">Adam Mickiewicz University. Library of Musicology in the History of Arts
              Institute</subfield>
          </datafield>
          <datafield tag="622" ind1=" " ind2=" ">
            <subfield code="e">Biblioteka Zakładu Muzykologii Instytutu, Sztuki Uniwersytetu im. Adama, Mickiewicza, ul.
              Słowackiego 20, 60-823 Poznań, Poland</subfield>
            <subfield code="u">http://www.amu.edu.pl</subfield>
          </datafield>
          <datafield tag="852" ind1="2" ind2=" ">
            <subfield code="b">52.4110641, 16.9112876</subfield>
          </datafield>
          <idzebra xmlns="http://www.indexdata.dk/zebra/">
            <size>587</size>
            <score>680</score>
            <localnumber>830155</localnumber>
            <filename>sigla/sigla.mrc</filename>
          </idzebra>
        </record>
      </zs:recordData>
      <zs:recordPosition>13</zs:recordPosition>
    </zs:record>