<zs:record>
      <zs:recordPacking>xml</zs:recordPacking>
      <zs:recordData>
        <record xmlns="http://www.loc.gov/MARC21/slim">
          <leader>00556nz a2200133 4500</leader>
          <controlfield tag="001">30061504</controlfield>
          <controlfield tag="003">RISM</controlfield>
          <controlfield tag="005">20121108</controlfield>
          <controlfield tag="008">121108n||az|||||||##########||||||||||||</controlfield>
          <datafield tag="043" ind1=" " ind2=" ">
            <subfield code="c">Poland</subfield>
          </datafield>
          <datafield tag="110" ind1="2" ind2=" ">
            <subfield code="a">Muzeum Instrumentów Muzycznych Oddziału Muzeum Narodowego w Poznaniu,
              Biblioteka</subfield>
            <subfield code="c">Poznań</subfield>
            <subfield code="g">PL-Pmim</subfield>
          </datafield>
          <datafield tag="622" ind1=" " ind2=" ">
            <subfield code="e">Muzeum Instrumentów Muzycznych Oddział, Muzeum Narodowego w Poznaniu,, Biblioteka, Stary
              Rynek 45, 61-772 Poznań, Poland</subfield>
            <subfield code="u">http://www.mnp.art.pl/oddzialy/mim/index.php</subfield>
          </datafield>
          <datafield tag="710" ind1="2" ind2=" ">
            <subfield code="a">Spuścizna Zdzisława Janka</subfield>
            <subfield code="0">30077131</subfield>
          </datafield>
          <datafield tag="852" ind1="2" ind2=" ">
            <subfield code="b">52.406374, 16.9251681</subfield>
          </datafield>
          <idzebra xmlns="http://www.indexdata.dk/zebra/">
            <size>556</size>
            <score>680</score>
            <localnumber>834948</localnumber>
            <filename>sigla/sigla.mrc</filename>
          </idzebra>
        </record>
      </zs:recordData>
      <zs:recordPosition>137</zs:recordPosition>
    </zs:record>