<zs:record>
      <zs:recordPacking>xml</zs:recordPacking>
      <zs:recordData>
        <record xmlns="http://www.loc.gov/MARC21/slim">
          <leader>00554nz a2200133 4500</leader>
          <controlfield tag="001">30070440</controlfield>
          <controlfield tag="003">RISM</controlfield>
          <controlfield tag="005">20121108</controlfield>
          <controlfield tag="008">121108n||az|||||||##########||||||||||||</controlfield>
          <datafield tag="043" ind1=" " ind2=" ">
            <subfield code="c">Poland</subfield>
          </datafield>
          <datafield tag="110" ind1="2" ind2=" ">
            <subfield code="a">Biblioteka Raczyńskich. Pracownia-Muzeum Józefa I. Kraszewskiego</subfield>
            <subfield code="c">Poznań</subfield>
            <subfield code="g">PL-Prpk</subfield>
          </datafield>
          <datafield tag="410" ind1="2" ind2=" ">
            <subfield code="a">Raczyńscy Library. Józef I. Kraszewski Department</subfield>
          </datafield>
          <datafield tag="622" ind1=" " ind2=" ">
            <subfield code="e">Biblioteka Raczyńskich. Pracownia-Muzeum, Józefa I. Kraszewskiego, pl. Wroniecka 14,
              61-763 Poznań, Poland</subfield>
            <subfield code="u">http://www.bracz.edu.pl/strona.php?strona=infomuzea#krasz</subfield>
          </datafield>
          <datafield tag="852" ind1="2" ind2=" ">
            <subfield code="b">52.406374, 16.9251681</subfield>
          </datafield>
          <idzebra xmlns="http://www.indexdata.dk/zebra/">
            <size>554</size>
            <score>680</score>
            <localnumber>834527</localnumber>
            <filename>sigla/sigla.mrc</filename>
          </idzebra>
        </record>
      </zs:recordData>
      <zs:recordPosition>97</zs:recordPosition>
    </zs:record>