<zs:record>
      <zs:recordPacking>xml</zs:recordPacking>
      <zs:recordData>
        <record xmlns="http://www.loc.gov/MARC21/slim">
          <leader>00704nz a2200157 4500</leader>
          <controlfield tag="001">30002093</controlfield>
          <controlfield tag="003">RISM</controlfield>
          <controlfield tag="005">20121108</controlfield>
          <controlfield tag="008">121108n||az|||||||##########||||||||||||</controlfield>
          <datafield tag="043" ind1=" " ind2=" ">
            <subfield code="c">Poland</subfield>
          </datafield>
          <datafield tag="110" ind1="2" ind2=" ">
            <subfield code="a">Biblioteka Uniwersytecka. Sekcja Zbiorów Muzycznych w Oddziale Zbiorów
              Specjalnych</subfield>
            <subfield code="c">Poznań</subfield>
            <subfield code="g">PL-Pu</subfield>
          </datafield>
          <datafield tag="410" ind1="2" ind2=" ">
            <subfield code="a">University Library. Music Collections Section</subfield>
          </datafield>
          <datafield tag="410" ind1="2" ind2=" ">
            <subfield code="a">Biblioteka Uniwersytecka (bis 1956 und nach 1983)</subfield>
          </datafield>
          <datafield tag="410" ind1="2" ind2=" ">
            <subfield code="a">Biblioteka Główna Uniwersytetu im. Adama Mickiewicza (1956-1983)</subfield>
          </datafield>
          <datafield tag="622" ind1=" " ind2=" ">
            <subfield code="e">Biblioteka Uniwersytecka. Sekcja, Zbiorów Muzycznych w Oddziale Zbiorów, Specjalnych, ul.
              Ratajczaka 38/40, 61-816 Poznań, Poland</subfield>
            <subfield code="u">http://www.lib.amu.edu.pl</subfield>
          </datafield>
          <datafield tag="852" ind1="2" ind2=" ">
            <subfield code="b">52.406374, 16.9251681</subfield>
          </datafield>
          <idzebra xmlns="http://www.indexdata.dk/zebra/">
            <size>704</size>
            <score>680</score>
            <localnumber>830606</localnumber>
            <filename>sigla/sigla.mrc</filename>
          </idzebra>
        </record>
      </zs:recordData>
      <zs:recordPosition>32</zs:recordPosition>
    </zs:record>