<zs:record>
      <zs:recordPacking>xml</zs:recordPacking>
      <zs:recordData>
        <record xmlns="http://www.loc.gov/MARC21/slim">
          <leader>00374nz a2200121 4500</leader>
          <controlfield tag="001">30006287</controlfield>
          <controlfield tag="003">RISM</controlfield>
          <controlfield tag="005">20121108</controlfield>
          <controlfield tag="008">121108n||az|||||||##########||||||||||||</controlfield>
          <datafield tag="043" ind1=" " ind2=" ">
            <subfield code="c">Poland</subfield>
          </datafield>
          <datafield tag="110" ind1="2" ind2=" ">
            <subfield code="a">Zbiory prywatne red. Ludwika Szczyrby</subfield>
            <subfield code="c">Rybnik</subfield>
            <subfield code="g">PL-RYszczyrba</subfield>
          </datafield>
          <datafield tag="622" ind1=" " ind2=" ">
            <subfield code="e">Zbiory prywatne red. Ludwika Szczyrby, Plac Wolności 6/2, 44-201 Rybnik,
              Poland</subfield>
          </datafield>
          <datafield tag="852" ind1="2" ind2=" ">
            <subfield code="b">50.1021742, 18.5462847</subfield>
          </datafield>
          <idzebra xmlns="http://www.indexdata.dk/zebra/">
            <size>374</size>
            <score>680</score>
            <localnumber>835704</localnumber>
            <filename>sigla/sigla.mrc</filename>
          </idzebra>
        </record>
      </zs:recordData>
      <zs:recordPosition>149</zs:recordPosition>
    </zs:record>