<zs:record>
      <zs:recordPacking>xml</zs:recordPacking>
      <zs:recordData>
        <record xmlns="http://www.loc.gov/MARC21/slim">
          <leader>00373nz a2200121 4500</leader>
          <controlfield tag="001">30070438</controlfield>
          <controlfield tag="003">RISM</controlfield>
          <controlfield tag="005">20121108</controlfield>
          <controlfield tag="008">121108n||az|||||||##########||||||||||||</controlfield>
          <datafield tag="043" ind1=" " ind2=" ">
            <subfield code="c">Poland</subfield>
          </datafield>
          <datafield tag="110" ind1="2" ind2=" ">
            <subfield code="a">Muzeum Budownictwa Ludowego</subfield>
            <subfield code="c">Sanok</subfield>
            <subfield code="g">PL-SANmbl</subfield>
          </datafield>
          <datafield tag="622" ind1=" " ind2=" ">
            <subfield code="e">Muzeum Budownictwa Ludowego, ul. R. Traugutta 3, 38-500 Sanok, Poland</subfield>
            <subfield code="u">http://www.mbl.sanok.pl</subfield>
          </datafield>
          <datafield tag="852" ind1="2" ind2=" ">
            <subfield code="b">49.5550187, 22.2060658</subfield>
          </datafield>
          <idzebra xmlns="http://www.indexdata.dk/zebra/">
            <size>373</size>
            <score>680</score>
            <localnumber>834482</localnumber>
            <filename>sigla/sigla.mrc</filename>
          </idzebra>
        </record>
      </zs:recordData>
      <zs:recordPosition>95</zs:recordPosition>
    </zs:record>