<zs:record>
      <zs:recordPacking>xml</zs:recordPacking>
      <zs:recordData>
        <record xmlns="http://www.loc.gov/MARC21/slim">
          <leader>00362nz a2200121 4500</leader>
          <controlfield tag="001">30070433</controlfield>
          <controlfield tag="003">RISM</controlfield>
          <controlfield tag="005">20121108</controlfield>
          <controlfield tag="008">121108n||az|||||||##########||||||||||||</controlfield>
          <datafield tag="043" ind1=" " ind2=" ">
            <subfield code="c">Poland</subfield>
          </datafield>
          <datafield tag="110" ind1="2" ind2=" ">
            <subfield code="a">Muzeum Okręgowe</subfield>
            <subfield code="c">Sieradz</subfield>
            <subfield code="g">PL-SIm</subfield>
          </datafield>
          <datafield tag="622" ind1=" " ind2=" ">
            <subfield code="e">Muzeum Okręgowe, ul. Dominikańska 2, 98-200 Sieradz, Poland</subfield>
            <subfield code="u">http://www.muzeum-sieradz.com.pl</subfield>
          </datafield>
          <datafield tag="852" ind1="2" ind2=" ">
            <subfield code="b">51.5956014, 18.7302994</subfield>
          </datafield>
          <idzebra xmlns="http://www.indexdata.dk/zebra/">
            <size>362</size>
            <score>680</score>
            <localnumber>834556</localnumber>
            <filename>sigla/sigla.mrc</filename>
          </idzebra>
        </record>
      </zs:recordData>
      <zs:recordPosition>107</zs:recordPosition>
    </zs:record>