<zs:record>
      <zs:recordPacking>xml</zs:recordPacking>
      <zs:recordData>
        <record xmlns="http://www.loc.gov/MARC21/slim">
          <leader>00406nz a2200109 4500</leader>
          <controlfield tag="001">30070415</controlfield>
          <controlfield tag="003">RISM</controlfield>
          <controlfield tag="005">20121108</controlfield>
          <controlfield tag="008">121108n||az|||||||##########||||||||||||</controlfield>
          <datafield tag="043" ind1=" " ind2=" ">
            <subfield code="c">Poland</subfield>
          </datafield>
          <datafield tag="110" ind1="2" ind2=" ">
            <subfield code="a">Muzeum im. Anny i Jarosława Iwaszkiewiczów w Stawisku</subfield>
            <subfield code="c">Podkowa Leśna</subfield>
            <subfield code="g">PL-STAWmi</subfield>
          </datafield>
          <datafield tag="622" ind1=" " ind2=" ">
            <subfield code="e">Muzeum im. Anny i Jarosława, Iwaszkiewiczów w Stawisku, ul. Gołębia 1, 05-807 Podkowa
              Leśna, Poland</subfield>
            <subfield code="u">http://www.stawisko.pl</subfield>
          </datafield>
          <idzebra xmlns="http://www.indexdata.dk/zebra/">
            <size>406</size>
            <score>680</score>
            <localnumber>834674</localnumber>
            <filename>sigla/sigla.mrc</filename>
          </idzebra>
        </record>
      </zs:recordData>
      <zs:recordPosition>118</zs:recordPosition>
    </zs:record>