<zs:record>
      <zs:recordPacking>xml</zs:recordPacking>
      <zs:recordData>
        <record xmlns="http://www.loc.gov/MARC21/slim">
          <leader>00569nz a2200145 4500</leader>
          <controlfield tag="001">30070445</controlfield>
          <controlfield tag="003">RISM</controlfield>
          <controlfield tag="005">20121108</controlfield>
          <controlfield tag="008">121108n||az|||||||##########||||||||||||</controlfield>
          <datafield tag="043" ind1=" " ind2=" ">
            <subfield code="c">Poland</subfield>
          </datafield>
          <datafield tag="110" ind1="2" ind2=" ">
            <subfield code="a">Muzeum Dom Carla i Gerharta Hauptmannów</subfield>
            <subfield code="c">Szklarska Poręba</subfield>
            <subfield code="g">PL-SZKPmh</subfield>
          </datafield>
          <datafield tag="410" ind1="2" ind2=" ">
            <subfield code="a">Oddzial Muzeum Karkonoskiego w Jeleniej Górze</subfield>
          </datafield>
          <datafield tag="410" ind1="2" ind2=" ">
            <subfield code="a">Instytucja Kultury Samorządu Województwa Dolnośląskiego</subfield>
          </datafield>
          <datafield tag="622" ind1=" " ind2=" ">
            <subfield code="e">Muzeum Dom Carla i Gerharta Hauptmannów, ul. 11 Listopada 23, 58-580 Szklarska Poręba,
              Poland</subfield>
            <subfield code="u">http://www.domhauptmannow.pl/</subfield>
          </datafield>
          <datafield tag="852" ind1="2" ind2=" ">
            <subfield code="b">50.8396756, 15.5300509</subfield>
          </datafield>
          <idzebra xmlns="http://www.indexdata.dk/zebra/">
            <size>569</size>
            <score>680</score>
            <localnumber>834532</localnumber>
            <filename>sigla/sigla.mrc</filename>
          </idzebra>
        </record>
      </zs:recordData>
      <zs:recordPosition>102</zs:recordPosition>
    </zs:record>