<zs:record>
      <zs:recordPacking>xml</zs:recordPacking>
      <zs:recordData>
        <record xmlns="http://www.loc.gov/MARC21/slim">
          <leader>00547nz a2200121 4500</leader>
          <controlfield tag="001">30061506</controlfield>
          <controlfield tag="003">RISM</controlfield>
          <controlfield tag="005">20121108</controlfield>
          <controlfield tag="008">121108n||az|||||||##########||||||||||||</controlfield>
          <datafield tag="043" ind1=" " ind2=" ">
            <subfield code="c">Poland</subfield>
          </datafield>
          <datafield tag="110" ind1="2" ind2=" ">
            <subfield code="a">Benedyktyńskie Opactwo Świętych Apostołów Piotra i Pawła w Tyńcu. Biblioteka</subfield>
            <subfield code="c">Kraków-Tyniec</subfield>
            <subfield code="g">PL-TYNben</subfield>
          </datafield>
          <datafield tag="622" ind1=" " ind2=" ">
            <subfield code="e">Benedyktyńskie Opactwo Świętych, Apostołów Piotra i Pawła w Tyńcu., Biblioteka, ul.
              Benedyktyńska 37/39, 30-375 Kraków-Tyniec, Poland</subfield>
            <subfield code="u">http://www.wsp.krakow.pl/whk/biblioteki/tyniec/index.html</subfield>
          </datafield>
          <datafield tag="852" ind1="2" ind2=" ">
            <subfield code="b">50.0646501, 19.9449799</subfield>
          </datafield>
          <idzebra xmlns="http://www.indexdata.dk/zebra/">
            <size>547</size>
            <score>680</score>
            <localnumber>834950</localnumber>
            <filename>sigla/sigla.mrc</filename>
          </idzebra>
        </record>
      </zs:recordData>
      <zs:recordPosition>138</zs:recordPosition>
    </zs:record>