<zs:record>
      <zs:recordPacking>xml</zs:recordPacking>
      <zs:recordData>
        <record xmlns="http://www.loc.gov/MARC21/slim">
          <leader>00584nz a2200145 4500</leader>
          <controlfield tag="001">30002098</controlfield>
          <controlfield tag="003">RISM</controlfield>
          <controlfield tag="005">20121108</controlfield>
          <controlfield tag="008">121108n||az|||||||##########||||||||||||</controlfield>
          <datafield tag="043" ind1=" " ind2=" ">
            <subfield code="c">Poland</subfield>
          </datafield>
          <datafield tag="110" ind1="2" ind2=" ">
            <subfield code="a">Wojewódzka Biblioteka Publiczna - Książnica Kopernikańska</subfield>
            <subfield code="c">Toruń</subfield>
            <subfield code="g">PL-Tm</subfield>
          </datafield>
          <datafield tag="410" ind1="2" ind2=" ">
            <subfield code="a">Voivodeship Kopernik Public Library</subfield>
          </datafield>
          <datafield tag="410" ind1="2" ind2=" ">
            <subfield code="a">Książnica Miejska im. Mikołaja Kopernika</subfield>
          </datafield>
          <datafield tag="622" ind1=" " ind2=" ">
            <subfield code="e">Wojewódzka Biblioteka Publiczna -, Książnica Kopernikańska, ul. Słowackiego 8, 87-100
              Toruń, Poland</subfield>
            <subfield code="u">http://www.ksiaznica.torun.pl/web/WBP-KK/strona_glowna</subfield>
          </datafield>
          <datafield tag="852" ind1="2" ind2=" ">
            <subfield code="b">53.0130744, 18.5957637</subfield>
          </datafield>
          <idzebra xmlns="http://www.indexdata.dk/zebra/">
            <size>584</size>
            <score>680</score>
            <localnumber>836254</localnumber>
            <filename>sigla/sigla.mrc</filename>
          </idzebra>
        </record>
      </zs:recordData>
      <zs:recordPosition>154</zs:recordPosition>
    </zs:record>