<zs:record>
      <zs:recordPacking>xml</zs:recordPacking>
      <zs:recordData>
        <record xmlns="http://www.loc.gov/MARC21/slim">
          <leader>00431nz a2200121 4500</leader>
          <controlfield tag="001">30005968</controlfield>
          <controlfield tag="003">RISM</controlfield>
          <controlfield tag="005">20121108</controlfield>
          <controlfield tag="008">121108n||az|||||||##########||||||||||||</controlfield>
          <datafield tag="043" ind1=" " ind2=" ">
            <subfield code="c">Poland</subfield>
          </datafield>
          <datafield tag="110" ind1="2" ind2=" ">
            <subfield code="a">Muzeum Piśmiennictwa i Muzyki Kaszubsko-Pomorskiej</subfield>
            <subfield code="c">Wejherowo</subfield>
            <subfield code="g">PL-WEJm</subfield>
          </datafield>
          <datafield tag="622" ind1=" " ind2=" ">
            <subfield code="e">Muzeum Piśmiennictwa i Muzyki, Kaszubsko-Pomorskiej, ul. Zamkowa 2a, 84-200 Wejherowo,
              Poland</subfield>
            <subfield code="u">http://www.muzeum.wejherowo.pl</subfield>
          </datafield>
          <datafield tag="852" ind1="2" ind2=" ">
            <subfield code="b">54.601165, 18.2402569</subfield>
          </datafield>
          <idzebra xmlns="http://www.indexdata.dk/zebra/">
            <size>431</size>
            <score>680</score>
            <localnumber>833537</localnumber>
            <filename>sigla/sigla.mrc</filename>
          </idzebra>
        </record>
      </zs:recordData>
      <zs:recordPosition>87</zs:recordPosition>
    </zs:record>