<zs:record>
      <zs:recordPacking>xml</zs:recordPacking>
      <zs:recordData>
        <record xmlns="http://www.loc.gov/MARC21/slim">
          <leader>00618nz a2200133 4500</leader>
          <controlfield tag="001">30070430</controlfield>
          <controlfield tag="003">RISM</controlfield>
          <controlfield tag="005">20121108</controlfield>
          <controlfield tag="008">121108n||az|||||||##########||||||||||||</controlfield>
          <datafield tag="043" ind1=" " ind2=" ">
            <subfield code="c">Poland</subfield>
          </datafield>
          <datafield tag="110" ind1="2" ind2=" ">
            <subfield code="a">Oddział Polskiego Towarzystwa Ludoznawczego we Wrocławiu, Biblioteka naukowa im. Jana
              Czekanowskiego</subfield>
            <subfield code="c">Wrocław</subfield>
            <subfield code="g">PL-WRptl</subfield>
          </datafield>
          <datafield tag="410" ind1="2" ind2=" ">
            <subfield code="a">Katedra Etnologii i Antropologii Kulturowej Uniwersytetu Wrocławskiego</subfield>
          </datafield>
          <datafield tag="622" ind1=" " ind2=" ">
            <subfield code="e">Oddział Polskiego Towarzystwa, Ludoznawczego we Wrocławiu, Biblioteka, naukowa im. Jana
              Czekanowskiego, ul. Szczytnicka 11, 50-382 Wrocław, Poland</subfield>
            <subfield code="u">http://www.ptl.info.pl/</subfield>
          </datafield>
          <datafield tag="852" ind1="2" ind2=" ">
            <subfield code="b">51.1078852, 17.0385376</subfield>
          </datafield>
          <idzebra xmlns="http://www.indexdata.dk/zebra/">
            <size>618</size>
            <score>680</score>
            <localnumber>834553</localnumber>
            <filename>sigla/sigla.mrc</filename>
          </idzebra>
        </record>
      </zs:recordData>
      <zs:recordPosition>104</zs:recordPosition>
    </zs:record>