<zs:record>
      <zs:recordPacking>xml</zs:recordPacking>
      <zs:recordData>
        <record xmlns="http://www.loc.gov/MARC21/slim">
          <leader>00950nz a2200193 4500</leader>
          <controlfield tag="001">30002111</controlfield>
          <controlfield tag="003">RISM</controlfield>
          <controlfield tag="005">20121108</controlfield>
          <controlfield tag="008">121108n||az|||||||##########||||||||||||</controlfield>
          <datafield tag="043" ind1=" " ind2=" ">
            <subfield code="c">Poland; XA</subfield>
            <subfield code="c">Poland; XA</subfield>
          </datafield>
          <datafield tag="110" ind1="2" ind2=" ">
            <subfield code="a">Biblioteka Uniwersytecka </subfield>
            <subfield code="c">Wrocław</subfield>
            <subfield code="g">PL-WRu</subfield>
          </datafield>
          <datafield tag="410" ind1="2" ind2=" ">
            <subfield code="a">Wrocław University Library</subfield>
          </datafield>
          <datafield tag="410" ind1="2" ind2=" ">
            <subfield code="a">Oddział Starych Druków</subfield>
          </datafield>
          <datafield tag="410" ind1="2" ind2=" ">
            <subfield code="a">Oddział Zbiorów Muzycznych</subfield>
          </datafield>
          <datafield tag="591" ind1="2" ind2=" ">
            <subfield code="a">ongoing</subfield>
          </datafield>
          <datafield tag="622" ind1=" " ind2=" ">
            <subfield code="e">Biblioteka Uniwersytecka, Oddział, Zbiorów Muzycznych , ul. Św. Jadwigi 3/4, 50-266
              Wrocław, Poland</subfield>
            <subfield code="u">http://www.bu.uni.wroc.pl/oddzialy/piasek/oddzial-zbiorow-muzycznych</subfield>
          </datafield>
          <datafield tag="680" ind1="2" ind2=" ">
            <subfield code="i">Titel der Serien A/I und A/II befinden sich in der Musikabteilung. Die ältesten
              Musikdrucke (16. und 17. Jahrhundert) sowie Titel der Serie B befinden sich in der Abteilung für alte
              Drucke. Nur ein Titel der Serie B, vol.VII mit der Sign. Ms. Mf. 2002 befindet sich in der
              Musikabteilung.</subfield>
          </datafield>
          <datafield tag="670" ind1="2" ind2=" ">
            <subfield code="a">9773</subfield>
          </datafield>
          <datafield tag="852" ind1="2" ind2=" ">
            <subfield code="b">51.1143646, 17.0405824</subfield>
          </datafield>
          <idzebra xmlns="http://www.indexdata.dk/zebra/">
            <size>950</size>
            <score>680</score>
            <localnumber>830802</localnumber>
            <filename>sigla/sigla.mrc</filename>
          </idzebra>
        </record>
      </zs:recordData>
      <zs:recordPosition>40</zs:recordPosition>
    </zs:record>