<zs:record>
      <zs:recordPacking>xml</zs:recordPacking>
      <zs:recordData>
        <record xmlns="http://www.loc.gov/MARC21/slim">
          <leader>00641nz a2200169 4500</leader>
          <controlfield tag="001">30002112</controlfield>
          <controlfield tag="003">RISM</controlfield>
          <controlfield tag="005">20121108</controlfield>
          <controlfield tag="008">121108n||az|||||||##########||||||||||||</controlfield>
          <datafield tag="043" ind1=" " ind2=" ">
            <subfield code="c">Poland</subfield>
          </datafield>
          <datafield tag="110" ind1="2" ind2=" ">
            <subfield code="a">Zakład Narodowy im. Ossolińskich</subfield>
            <subfield code="c">Wrocław</subfield>
            <subfield code="g">PL-WRzno</subfield>
          </datafield>
          <datafield tag="410" ind1="2" ind2=" ">
            <subfield code="a">The Ossolinski National Institut</subfield>
          </datafield>
          <datafield tag="410" ind1="2" ind2=" ">
            <subfield code="a">Ossolineum, Biblioteka</subfield>
          </datafield>
          <datafield tag="410" ind1="2" ind2=" ">
            <subfield code="a">Polska Akademia Nauk, Biblioteka Zakładu Narodowego im. Ossolińskich</subfield>
          </datafield>
          <datafield tag="622" ind1=" " ind2=" ">
            <subfield code="e">Zakład Narodowy im. Ossolińskich, ul. Szewska 37, 50-139 Wrocław, Poland</subfield>
            <subfield code="u">http://www.oss.wroc.pl</subfield>
          </datafield>
          <datafield tag="688" ind1="2" ind2=" ">
            <subfield code="a">Series A/I: WRa; N-Grove: WRol; Series B: WRo; Series A/I: WRo</subfield>
          </datafield>
          <datafield tag="852" ind1="2" ind2=" ">
            <subfield code="b">51.1138662, 17.0365623</subfield>
          </datafield>
          <idzebra xmlns="http://www.indexdata.dk/zebra/">
            <size>641</size>
            <score>680</score>
            <localnumber>836256</localnumber>
            <filename>sigla/sigla.mrc</filename>
          </idzebra>
        </record>
      </zs:recordData>
      <zs:recordPosition>156</zs:recordPosition>
    </zs:record>