<zs:record>
      <zs:recordPacking>xml</zs:recordPacking>
      <zs:recordData>
        <record xmlns="http://www.loc.gov/MARC21/slim">
          <leader>00413nz a2200121 4500</leader>
          <controlfield tag="001">30006507</controlfield>
          <controlfield tag="003">RISM</controlfield>
          <controlfield tag="005">20121108</controlfield>
          <controlfield tag="008">121108n||az|||||||##########||||||||||||</controlfield>
          <datafield tag="043" ind1=" " ind2=" ">
            <subfield code="c">Poland</subfield>
          </datafield>
          <datafield tag="110" ind1="2" ind2=" ">
            <subfield code="a">Archiwum Archidiecezjalne Warszawskie. Archiwum Akt Dawnych</subfield>
            <subfield code="c">Warszawa</subfield>
            <subfield code="g">PL-Wa</subfield>
          </datafield>
          <datafield tag="622" ind1=" " ind2=" ">
            <subfield code="e">Archiwum Archidiecezjalne Warszawskie., Archiwum Akt Dawnych, ul. Dewajtis 3, 01-815
              Warszawa, Poland</subfield>
          </datafield>
          <datafield tag="852" ind1="2" ind2=" ">
            <subfield code="b">52.2296756, 21.0122287</subfield>
          </datafield>
          <idzebra xmlns="http://www.indexdata.dk/zebra/">
            <size>413</size>
            <score>680</score>
            <localnumber>832874</localnumber>
            <filename>sigla/sigla.mrc</filename>
          </idzebra>
        </record>
      </zs:recordData>
      <zs:recordPosition>74</zs:recordPosition>
    </zs:record>