<zs:record>
      <zs:recordPacking>xml</zs:recordPacking>
      <zs:recordData>
        <record xmlns="http://www.loc.gov/MARC21/slim">
          <leader>00577nz a2200145 4500</leader>
          <controlfield tag="001">30070232</controlfield>
          <controlfield tag="003">RISM</controlfield>
          <controlfield tag="005">20121108</controlfield>
          <controlfield tag="008">121108n||az|||||||##########||||||||||||</controlfield>
          <datafield tag="043" ind1=" " ind2=" ">
            <subfield code="c">Poland</subfield>
          </datafield>
          <datafield tag="110" ind1="2" ind2=" ">
            <subfield code="a">Biblioteka Główna Akademii Muzycznej im. Fryderyka Chopina</subfield>
            <subfield code="c">Warszawa</subfield>
            <subfield code="g">PL-Wam</subfield>
          </datafield>
          <datafield tag="410" ind1="2" ind2=" ">
            <subfield code="a">Fryderyk Chopin Music Academy Main Library</subfield>
          </datafield>
          <datafield tag="410" ind1="2" ind2=" ">
            <subfield code="a">Biblioteka Państwowej Wyższej Szkoły Muzycznej (bis 1979)</subfield>
          </datafield>
          <datafield tag="622" ind1=" " ind2=" ">
            <subfield code="e">Biblioteka Główna Akademii Muzycznej im., Fryderyka Chopina, ul. Okólnik 2, 00-368
              Warszawa, Poland</subfield>
            <subfield code="u">http://www.chopin.edu.pl</subfield>
          </datafield>
          <datafield tag="852" ind1="2" ind2=" ">
            <subfield code="b">52.2227161, 21.0215305</subfield>
          </datafield>
          <idzebra xmlns="http://www.indexdata.dk/zebra/">
            <size>577</size>
            <score>680</score>
            <localnumber>834618</localnumber>
            <filename>sigla/sigla.mrc</filename>
          </idzebra>
        </record>
      </zs:recordData>
      <zs:recordPosition>113</zs:recordPosition>
    </zs:record>