<zs:record>
      <zs:recordPacking>xml</zs:recordPacking>
      <zs:recordData>
        <record xmlns="http://www.loc.gov/MARC21/slim">
          <leader>00565nz a2200133 4500</leader>
          <controlfield tag="001">30004505</controlfield>
          <controlfield tag="003">RISM</controlfield>
          <controlfield tag="005">20121108</controlfield>
          <controlfield tag="008">121108n||az|||||||##########||||||||||||</controlfield>
          <datafield tag="043" ind1=" " ind2=" ">
            <subfield code="c">Poland</subfield>
          </datafield>
          <datafield tag="110" ind1="2" ind2=" ">
            <subfield code="a">Biblioteka Seminarium Metropolitalnego Archidiecezji Warszawskiej</subfield>
            <subfield code="c">Warszawa</subfield>
            <subfield code="g">PL-Was</subfield>
          </datafield>
          <datafield tag="410" ind1="2" ind2=" ">
            <subfield code="a">Wyższe Metropolitalne Seminarium Duchowne św. Jana Chrzciciela, Biblioteka</subfield>
          </datafield>
          <datafield tag="622" ind1=" " ind2=" ">
            <subfield code="e">Biblioteka Seminarium Metropolitalnego, Archidiecezji Warszawskiej, Krakowskie
              Przedmieście 52/54, 00-322 Warszawa, Poland</subfield>
            <subfield code="u">http://biblioteka.wmsd.waw.pl/</subfield>
          </datafield>
          <datafield tag="852" ind1="2" ind2=" ">
            <subfield code="b">52.2296756, 21.0122287</subfield>
          </datafield>
          <idzebra xmlns="http://www.indexdata.dk/zebra/">
            <size>565</size>
            <score>680</score>
            <localnumber>832855</localnumber>
            <filename>sigla/sigla.mrc</filename>
          </idzebra>
        </record>
      </zs:recordData>
      <zs:recordPosition>71</zs:recordPosition>
    </zs:record>