<zs:record>
      <zs:recordPacking>xml</zs:recordPacking>
      <zs:recordData>
        <record xmlns="http://www.loc.gov/MARC21/slim">
          <leader>00563nz a2200157 4500</leader>
          <controlfield tag="001">30000118</controlfield>
          <controlfield tag="003">RISM</controlfield>
          <controlfield tag="005">20121108</controlfield>
          <controlfield tag="008">121108n||az|||||||##########||||||||||||</controlfield>
          <datafield tag="043" ind1=" " ind2=" ">
            <subfield code="c">Poland</subfield>
          </datafield>
          <datafield tag="110" ind1="2" ind2=" ">
            <subfield code="a">Biblioteka Narodowa</subfield>
            <subfield code="c">Warszawa</subfield>
            <subfield code="g">PL-Wn</subfield>
          </datafield>
          <datafield tag="410" ind1="2" ind2=" ">
            <subfield code="a">National Library</subfield>
          </datafield>
          <datafield tag="622" ind1=" " ind2=" ">
            <subfield code="e">Biblioteka Narodowa, al. Niepodległości 213, 02-086 Warszawa, Poland</subfield>
            <subfield code="u">http://www.bn.org.pl</subfield>
          </datafield>
          <datafield tag="670" ind1="2" ind2=" ">
            <subfield code="a">545</subfield>
          </datafield>
          <datafield tag="710" ind1="2" ind2=" ">
            <subfield code="a">Reichsgräfliche Schaffgotsch'sche Majoratsbibliothek, Warmbrunn (dawna Biblioteka Jana
              Antoniego Schaffgotscha, Cieplice)</subfield>
            <subfield code="0">30075950</subfield>
          </datafield>
          <datafield tag="852" ind1="2" ind2=" ">
            <subfield code="b">52.213898, 21.0041236</subfield>
          </datafield>
          <idzebra xmlns="http://www.indexdata.dk/zebra/">
            <size>563</size>
            <score>680</score>
            <localnumber>832783</localnumber>
            <filename>sigla/sigla.mrc</filename>
          </idzebra>
        </record>
      </zs:recordData>
      <zs:recordPosition>67</zs:recordPosition>
    </zs:record>