<zs:record>
      <zs:recordPacking>xml</zs:recordPacking>
      <zs:recordData>
        <record xmlns="http://www.loc.gov/MARC21/slim">
          <leader>00463nz a2200145 4500</leader>
          <controlfield tag="001">30004509</controlfield>
          <controlfield tag="003">RISM</controlfield>
          <controlfield tag="005">20121108</controlfield>
          <controlfield tag="008">121108n||az|||||||##########||||||||||||</controlfield>
          <datafield tag="043" ind1=" " ind2=" ">
            <subfield code="c">Poland</subfield>
          </datafield>
          <datafield tag="110" ind1="2" ind2=" ">
            <subfield code="a">Polskie Centrum Muzyczne</subfield>
            <subfield code="c">Warszawa</subfield>
            <subfield code="g">PL-Wpcm</subfield>
          </datafield>
          <datafield tag="410" ind1="2" ind2=" ">
            <subfield code="a">Centrum Muzyczne przy Polskiej Radzie Muzycznej</subfield>
          </datafield>
          <datafield tag="410" ind1="2" ind2=" ">
            <subfield code="a">Polska Rada Muzyczna</subfield>
          </datafield>
          <datafield tag="622" ind1=" " ind2=" ">
            <subfield code="e">Polskie Centrum Muzyczne, ul. Fredry 8, 00-097 Warszawa, Poland</subfield>
            <subfield code="u">http://www.polmic.pl</subfield>
          </datafield>
          <datafield tag="852" ind1="2" ind2=" ">
            <subfield code="b">52.2296756, 21.0122287</subfield>
          </datafield>
          <idzebra xmlns="http://www.indexdata.dk/zebra/">
            <size>463</size>
            <score>680</score>
            <localnumber>832932</localnumber>
            <filename>sigla/sigla.mrc</filename>
          </idzebra>
        </record>
      </zs:recordData>
      <zs:recordPosition>82</zs:recordPosition>
    </zs:record>