<zs:record>
      <zs:recordPacking>xml</zs:recordPacking>
      <zs:recordData>
        <record xmlns="http://www.loc.gov/MARC21/slim">
          <leader>00713nz a2200157 4500</leader>
          <controlfield tag="001">30000150</controlfield>
          <controlfield tag="003">RISM</controlfield>
          <controlfield tag="005">20121108</controlfield>
          <controlfield tag="008">121108n||az|||||||##########||||||||||||</controlfield>
          <datafield tag="043" ind1=" " ind2=" ">
            <subfield code="c">Poland</subfield>
          </datafield>
          <datafield tag="110" ind1="2" ind2=" ">
            <subfield code="a">Biblioteka, Muzeum i Archiwum Warszawskiego Towarzystwa Muzycznego im. Stanisława
              Moniuszki</subfield>
            <subfield code="c">Warszawa</subfield>
            <subfield code="g">PL-Wtm</subfield>
          </datafield>
          <datafield tag="410" ind1="2" ind2=" ">
            <subfield code="a">Library, Museum and Archives of the Stanisław Moniuszko Warsaw Music Society</subfield>
          </datafield>
          <datafield tag="622" ind1=" " ind2=" ">
            <subfield code="e">Biblioteka, Muzeum i Archiwum, Warszawskiego Towarzystwa Muzycznego, im. Stanisława
              Moniuszki, Pałac Szustra, ul. Zakroczymska 2, 00-225 Warszawa, Poland</subfield>
            <subfield code="u">http://www.wtm.org.pl/bib.htm</subfield>
          </datafield>
          <datafield tag="670" ind1="2" ind2=" ">
            <subfield code="a">85</subfield>
          </datafield>
          <datafield tag="710" ind1="2" ind2=" ">
            <subfield code="a">Spuścizna kompozytorska Józefa Stefaniego</subfield>
            <subfield code="0">30076184</subfield>
          </datafield>
          <datafield tag="852" ind1="2" ind2=" ">
            <subfield code="b">52.2536759, 21.0069084</subfield>
          </datafield>
          <idzebra xmlns="http://www.indexdata.dk/zebra/">
            <size>713</size>
            <score>680</score>
            <localnumber>835483</localnumber>
            <filename>sigla/sigla.mrc</filename>
          </idzebra>
        </record>
      </zs:recordData>
      <zs:recordPosition>147</zs:recordPosition>
    </zs:record>