<zs:record>
      <zs:recordPacking>xml</zs:recordPacking>
      <zs:recordData>
        <record xmlns="http://www.loc.gov/MARC21/slim">
          <leader>00538nz a2200145 4500</leader>
          <controlfield tag="001">30070233</controlfield>
          <controlfield tag="003">RISM</controlfield>
          <controlfield tag="005">20121108</controlfield>
          <controlfield tag="008">121108n||az|||||||##########||||||||||||</controlfield>
          <datafield tag="043" ind1=" " ind2=" ">
            <subfield code="c">Poland</subfield>
          </datafield>
          <datafield tag="110" ind1="2" ind2=" ">
            <subfield code="a">Klasztor Sióstr Wizytek</subfield>
            <subfield code="c">Warszawa</subfield>
            <subfield code="g">PL-Ww</subfield>
          </datafield>
          <datafield tag="410" ind1="2" ind2=" ">
            <subfield code="a">Music collections of the Salesian Sisters Convent</subfield>
          </datafield>
          <datafield tag="410" ind1="2" ind2=" ">
            <subfield code="a">Zakon Nawiedzienia Najświętszej Maryi Panny. Siostry Wizytki w Warszawie</subfield>
          </datafield>
          <datafield tag="622" ind1=" " ind2=" ">
            <subfield code="e">Klasztor Sióstr Wizytek, Krakowskie Przedmieście 34, 00-325 Warszawa, Poland</subfield>
            <subfield code="u">http://www.wizytki.waw.pl/</subfield>
          </datafield>
          <datafield tag="852" ind1="2" ind2=" ">
            <subfield code="b">52.2296756, 21.0122287</subfield>
          </datafield>
          <idzebra xmlns="http://www.indexdata.dk/zebra/">
            <size>538</size>
            <score>680</score>
            <localnumber>834619</localnumber>
            <filename>sigla/sigla.mrc</filename>
          </idzebra>
        </record>
      </zs:recordData>
      <zs:recordPosition>114</zs:recordPosition>
    </zs:record>