<zs:record>
      <zs:recordPacking>xml</zs:recordPacking>
      <zs:recordData>
        <record xmlns="http://www.loc.gov/MARC21/slim">
          <leader>00740nz a2200157 4500</leader>
          <controlfield tag="001">30004506</controlfield>
          <controlfield tag="003">RISM</controlfield>
          <controlfield tag="005">20121108</controlfield>
          <controlfield tag="008">121108n||az|||||||##########||||||||||||</controlfield>
          <datafield tag="043" ind1=" " ind2=" ">
            <subfield code="c">Poland</subfield>
          </datafield>
          <datafield tag="110" ind1="2" ind2=" ">
            <subfield code="a">Polskie Centrum Informacji Muzycznej</subfield>
            <subfield code="c">Warszawa</subfield>
            <subfield code="g">PL-Wz</subfield>
          </datafield>
          <datafield tag="410" ind1="2" ind2=" ">
            <subfield code="a">Polish Centre of Music</subfield>
          </datafield>
          <datafield tag="410" ind1="2" ind2=" ">
            <subfield code="a">Związek Kompozytorów Polskich (=ZKP; seit 1945)</subfield>
          </datafield>
          <datafield tag="410" ind1="2" ind2=" ">
            <subfield code="a">Biblioteka Związku Kompozytorów Polskich (1950-1992)</subfield>
          </datafield>
          <datafield tag="410" ind1="2" ind2=" ">
            <subfield code="a">Biblioteka-Fonoteka Związku Kompozytorów Polskich - Ośrodek Dokumentacji Muzyki
              Współczesnej (Archiwum Międzynarodowego Festiwalu Muzyki Współczesnej "Warszawska Jesień") (seit
              1996)</subfield>
          </datafield>
          <datafield tag="622" ind1=" " ind2=" ">
            <subfield code="e">Polskie Centrum Informacji Muzycznej, Rynek Starego Miasta 27, 00-272 Warszawa,
              Poland</subfield>
            <subfield code="u">http://www.polmic.pl</subfield>
          </datafield>
          <idzebra xmlns="http://www.indexdata.dk/zebra/">
            <size>740</size>
            <score>680</score>
            <localnumber>832856</localnumber>
            <filename>sigla/sigla.mrc</filename>
          </idzebra>
        </record>
      </zs:recordData>
      <zs:recordPosition>72</zs:recordPosition>
    </zs:record>