<zs:record>
      <zs:recordPacking>xml</zs:recordPacking>
      <zs:recordData>
        <record xmlns="http://www.loc.gov/MARC21/slim">
          <leader>00387nz a2200121 4500</leader>
          <controlfield tag="001">30070437</controlfield>
          <controlfield tag="003">RISM</controlfield>
          <controlfield tag="005">20121108</controlfield>
          <controlfield tag="008">121108n||az|||||||##########||||||||||||</controlfield>
          <datafield tag="043" ind1=" " ind2=" ">
            <subfield code="c">Poland</subfield>
          </datafield>
          <datafield tag="110" ind1="2" ind2=" ">
            <subfield code="a">Muzeum Zamojskie w Zamościu</subfield>
            <subfield code="c">Zamość</subfield>
            <subfield code="g">PL-ZAm</subfield>
          </datafield>
          <datafield tag="622" ind1=" " ind2=" ">
            <subfield code="e">Muzeum Zamojskie w Zamościu, ul. Ormiańska 30, 22-400 Zamość, Poland</subfield>
            <subfield code="u">http://www.muzeum-zamojskie.one.pl</subfield>
          </datafield>
          <datafield tag="852" ind1="2" ind2=" ">
            <subfield code="b">50.716638, 23.2446653</subfield>
          </datafield>
          <idzebra xmlns="http://www.indexdata.dk/zebra/">
            <size>387</size>
            <score>680</score>
            <localnumber>834481</localnumber>
            <filename>sigla/sigla.mrc</filename>
          </idzebra>
        </record>
      </zs:recordData>
      <zs:recordPosition>94</zs:recordPosition>
    </zs:record>