<zs:record>
      <zs:recordPacking>xml</zs:recordPacking>
      <zs:recordData>
        <record xmlns="http://www.loc.gov/MARC21/slim">
          <leader>00564nz a2200133 4500</leader>
          <controlfield tag="001">30070436</controlfield>
          <controlfield tag="003">RISM</controlfield>
          <controlfield tag="005">20121108</controlfield>
          <controlfield tag="008">121108n||az|||||||##########||||||||||||</controlfield>
          <datafield tag="043" ind1=" " ind2=" ">
            <subfield code="c">Poland</subfield>
          </datafield>
          <datafield tag="110" ind1="2" ind2=" ">
            <subfield code="a">Biblioteka Muzyczna Polskiej Orkiestry Włościańskiej im. Karola Namysłowskiego</subfield>
            <subfield code="c">Zamość</subfield>
            <subfield code="g">PL-ZAown</subfield>
          </datafield>
          <datafield tag="410" ind1="2" ind2=" ">
            <subfield code="a">Music Library of the Karol Namysłowski Memorial Folk Band</subfield>
          </datafield>
          <datafield tag="622" ind1=" " ind2=" ">
            <subfield code="e">Biblioteka Muzyczna Polskiej Orkiestry, Włościańskiej im. Karola Namysłowski, ul.
              Partyzantów 2, 22-400 Zamość, Poland</subfield>
            <subfield code="u">http://www.namyslowiacy.pl/</subfield>
          </datafield>
          <datafield tag="852" ind1="2" ind2=" ">
            <subfield code="b">50.714283, 23.2621324</subfield>
          </datafield>
          <idzebra xmlns="http://www.indexdata.dk/zebra/">
            <size>564</size>
            <score>680</score>
            <localnumber>834559</localnumber>
            <filename>sigla/sigla.mrc</filename>
          </idzebra>
        </record>
      </zs:recordData>
      <zs:recordPosition>110</zs:recordPosition>
    </zs:record>