<zs:record>
      <zs:recordPacking>xml</zs:recordPacking>
      <zs:recordData>
        <record xmlns="http://www.loc.gov/MARC21/slim">
          <leader>00497nz a2200145 4500</leader>
          <controlfield tag="001">30002087</controlfield>
          <controlfield tag="003">RISM</controlfield>
          <controlfield tag="005">20121108</controlfield>
          <controlfield tag="008">121108n||az|||||||##########||||||||||||</controlfield>
          <datafield tag="043" ind1=" " ind2=" ">
            <subfield code="c">Poland</subfield>
          </datafield>
          <datafield tag="110" ind1="2" ind2=" ">
            <subfield code="a">Muzeum - Zamek w Łańcucie, Biblioteka i Archiwum</subfield>
            <subfield code="c">Łańcut</subfield>
            <subfield code="g">PL-ŁA</subfield>
          </datafield>
          <datafield tag="410" ind1="2" ind2=" ">
            <subfield code="a">Castle Museum Library at Łańcut</subfield>
          </datafield>
          <datafield tag="622" ind1=" " ind2=" ">
            <subfield code="e">Muzeum - Zamek w Łańcucie, Biblioteka, Archiwum, ul. Zamkowa 1, 37-100 Łańcut,
              Poland</subfield>
            <subfield code="u">http://www.zamek-lancut.pl/pl</subfield>
          </datafield>
          <datafield tag="670" ind1="2" ind2=" ">
            <subfield code="a">176</subfield>
          </datafield>
          <datafield tag="710" ind1="2" ind2=" ">
            <subfield code="a">Orkiestra Zamkowa</subfield>
            <subfield code="0">30077032</subfield>
          </datafield>
          <idzebra xmlns="http://www.indexdata.dk/zebra/">
            <size>497</size>
            <score>680</score>
            <localnumber>830601</localnumber>
            <filename>sigla/sigla.mrc</filename>
          </idzebra>
        </record>
      </zs:recordData>
      <zs:recordPosition>27</zs:recordPosition>
    </zs:record>