<zs:record>
      <zs:recordPacking>xml</zs:recordPacking>
      <zs:recordData>
        <record xmlns="http://www.loc.gov/MARC21/slim">
          <leader>00395nz a2200121 4500</leader>
          <controlfield tag="001">30070236</controlfield>
          <controlfield tag="003">RISM</controlfield>
          <controlfield tag="005">20121108</controlfield>
          <controlfield tag="008">121108n||az|||||||##########||||||||||||</controlfield>
          <datafield tag="043" ind1=" " ind2=" ">
            <subfield code="c">Poland</subfield>
          </datafield>
          <datafield tag="110" ind1="2" ind2=" ">
            <subfield code="a">Muzeum parafialne w kolegiacie Łaskiej</subfield>
            <subfield code="c">Łask</subfield>
            <subfield code="g">PL-ŁSm</subfield>
          </datafield>
          <datafield tag="410" ind1="2" ind2=" ">
            <subfield code="a">Außenstelle des Muzeum Archidiecezji Łódzkiej</subfield>
          </datafield>
          <datafield tag="622" ind1=" " ind2=" ">
            <subfield code="e">Muzeum parafialne w kolegiacie Łaskiej, ul. Warszawska 15, 98-100 Łask, Poland</subfield>
          </datafield>
          <idzebra xmlns="http://www.indexdata.dk/zebra/">
            <size>395</size>
            <score>680</score>
            <localnumber>834622</localnumber>
            <filename>sigla/sigla.mrc</filename>
          </idzebra>
        </record>
      </zs:recordData>
      <zs:recordPosition>115</zs:recordPosition>
    </zs:record>