<zs:record>
      <zs:recordPacking>xml</zs:recordPacking>
      <zs:recordData>
        <record xmlns="http://www.loc.gov/MARC21/slim">
          <leader>00682nz a2200145 4500</leader>
          <controlfield tag="001">30070416</controlfield>
          <controlfield tag="003">RISM</controlfield>
          <controlfield tag="005">20121108</controlfield>
          <controlfield tag="008">121108n||az|||||||##########||||||||||||</controlfield>
          <datafield tag="043" ind1=" " ind2=" ">
            <subfield code="c">Poland</subfield>
          </datafield>
          <datafield tag="110" ind1="2" ind2=" ">
            <subfield code="a">Wojewódzka i Miejska Biblioteka Publiczna im. Marszałka J. Piłsudskiego w
              Łodzi</subfield>
            <subfield code="c">Łódź</subfield>
            <subfield code="g">PL-ŁŹbp</subfield>
          </datafield>
          <datafield tag="410" ind1="2" ind2=" ">
            <subfield code="a">Voivodship and Municipal J. Piłsudski Public Library, Music Collections
              Department</subfield>
          </datafield>
          <datafield tag="410" ind1="2" ind2=" ">
            <subfield code="a">Miejska Biblioteka (1917-1949)</subfield>
          </datafield>
          <datafield tag="410" ind1="2" ind2=" ">
            <subfield code="a">Miejska Biblioteka Publiczna im. Ludwika Waryńskiego (1949-1990)</subfield>
          </datafield>
          <datafield tag="622" ind1=" " ind2=" ">
            <subfield code="e">Wojewódzka i Miejska Biblioteka, Publiczna im. Marszałka J. Piłsudskiego, w Łodzi, ul.
              Gdańska 102, 90-508 Łódź, Poland</subfield>
            <subfield code="u">http://www.wimbp.lodz.pl</subfield>
          </datafield>
          <idzebra xmlns="http://www.indexdata.dk/zebra/">
            <size>682</size>
            <score>680</score>
            <localnumber>834680</localnumber>
            <filename>sigla/sigla.mrc</filename>
          </idzebra>
        </record>
      </zs:recordData>
      <zs:recordPosition>119</zs:recordPosition>
    </zs:record>