<zs:record>
      <zs:recordPacking>xml</zs:recordPacking>
      <zs:recordData>
        <record xmlns="http://www.loc.gov/MARC21/slim">
          <leader>00570nz a2200121 4500</leader>
          <controlfield tag="001">30070418</controlfield>
          <controlfield tag="003">RISM</controlfield>
          <controlfield tag="005">20121108</controlfield>
          <controlfield tag="008">121108n||az|||||||##########||||||||||||</controlfield>
          <datafield tag="043" ind1=" " ind2=" ">
            <subfield code="c">Poland</subfield>
          </datafield>
          <datafield tag="110" ind1="2" ind2=" ">
            <subfield code="a">Muzeum Historii Miasta Łodzi. Zbiory Muzyczne - Galeria Muzyki im. Artura
              Rubinsteina</subfield>
            <subfield code="c">Łódź</subfield>
            <subfield code="g">PL-ŁŹmh</subfield>
          </datafield>
          <datafield tag="410" ind1="2" ind2=" ">
            <subfield code="a">Historical Museum of the City of Łódź. Artur Rubinstein Instant Exhibition</subfield>
          </datafield>
          <datafield tag="622" ind1=" " ind2=" ">
            <subfield code="e">Muzeum Historii Miasta Łodzi. Zbiory, Muzyczne - Galeria Muzyki im. Artura, Rubinsteina,
              ul. Ogrodowa 15, 91-065 Łódź, Poland</subfield>
            <subfield code="u">http://www.poznanskipalace.muzeum-lodz.pl</subfield>
          </datafield>
          <idzebra xmlns="http://www.indexdata.dk/zebra/">
            <size>570</size>
            <score>680</score>
            <localnumber>834682</localnumber>
            <filename>sigla/sigla.mrc</filename>
          </idzebra>
        </record>
      </zs:recordData>
      <zs:recordPosition>121</zs:recordPosition>
    </zs:record>