<zs:record>
      <zs:recordPacking>xml</zs:recordPacking>
      <zs:recordData>
        <record xmlns="http://www.loc.gov/MARC21/slim">
          <leader>00613nz a2200145 4500</leader>
          <controlfield tag="001">30002090</controlfield>
          <controlfield tag="003">RISM</controlfield>
          <controlfield tag="005">20121108</controlfield>
          <controlfield tag="008">121108n||az|||||||##########||||||||||||</controlfield>
          <datafield tag="043" ind1=" " ind2=" ">
            <subfield code="c">Poland</subfield>
          </datafield>
          <datafield tag="110" ind1="2" ind2=" ">
            <subfield code="a">Biblioteka Uniwersytetu Łódzkiego, Sekcja Muzykaliów w Oddziale Zbiorów
              Specjalnych</subfield>
            <subfield code="c">Łódź</subfield>
            <subfield code="g">PL-ŁŹu</subfield>
          </datafield>
          <datafield tag="410" ind1="2" ind2=" ">
            <subfield code="a">University Library, Music Collections Section</subfield>
          </datafield>
          <datafield tag="622" ind1=" " ind2=" ">
            <subfield code="e">Biblioteka Uniwersytetu Łódzkiego,, Sekcja Muzykaliów w Oddziale Zbiorów, Specjalnych,
              ul. Matejki 34/38, 90-237 Łódź, Poland</subfield>
            <subfield code="u">http://www.lib.uni.lodz.pl/library</subfield>
          </datafield>
          <datafield tag="688" ind1="2" ind2=" ">
            <subfield code="a">Series B: LZ</subfield>
          </datafield>
          <datafield tag="710" ind1="2" ind2=" ">
            <subfield code="a">Kolekcja Philippa Spitty</subfield>
            <subfield code="0">30077318</subfield>
          </datafield>
          <idzebra xmlns="http://www.indexdata.dk/zebra/">
            <size>613</size>
            <score>680</score>
            <localnumber>836305</localnumber>
            <filename>sigla/sigla.mrc</filename>
          </idzebra>
        </record>
      </zs:recordData>
      <zs:recordPosition>163</zs:recordPosition>
    </zs:record>